101  6420351398-765432122052615180094101Bank of Cleveland      Almika Inc.                     
5200Almika Inc.     DIRECT DEPOSIT      98-7654321CCDPAYINVOICE220526220531   1642035130000001 
62202100131812345839023456789000103000063             ABC Cargo Worldwide     1642035130000001 
705RMR*IV*T0D0LL3G44SUF1N**10300\REF*R7*T0D0LL3G44SUF1N*Doc. T0D0LL3G44SUF1N from 000010000001 
8200000002000210013100000000000000000103000098-7654321                         642035130000001 
9000001000001000000020002100131000000000000000001030000                                        
ECHO is on.