101  6420351398-765432122051723410094101Bank of Cleveland      Almika Inc.                     
5200Almika Inc.     DIRECT DEPOSIT      98-7654321CCDPAYINVOICE220517220519   1642035130000001 
6226420351301100062589       00015000002              Innovat Inc.            1642035130000001 
705RMR****15000\REF*R7**demo seaquest\                                             00010000001 
8200000002006420351300000000000000000150000098-7654321                         642035130000001 
9000001000001000000020064203513000000000000000001500000                                        
ECHO is on.